@inbook{bd-1,
	title={SQL — Язык реляционных баз данных},
	author={В. Ю. КаРа-Ушанов},
	year={2016},
	pages={6}
}

@inbook{OLAP,
	title={«Базы данных. Проектирование, программирование, управление и администрирование»},
	author={В.К.Волк},
	year={2023},
	
}

@book{OLTP,
	title={Хранилища данных},
	author={Архипенков, С. Я. and Голубев, Д. В. and Максименко, О. Б.},
	year={2002},
	publisher={Диалог-МИФИ},
	address = {Москва},
	pages={106}
}

@misc{god,
	title ={Что такое реляционная база данных},
	howpublished = {\url{https://help.reg.ru/support/servery-vps/oblachnyye-bazy-dannykh/zakaz-i-upravleniye-uslugoy-oblachnyye-bazy-dannykh/relyatsionnyye-bazy-dannykh#0}},
}

@misc{1,
	title ={Зачем нужен интернет-магазин?},
	howpublished = {\url{https://integrion.biz/articles/zachem-nuzhen-internet-magazin}}
}

@misc{2,
	title ={Бизнес-план магазина компьютерной техники},
	howpublished = {\url{https://plan-pro.ru/torgovlya/raznye-magaziny/biznes-plan-magazina-kompyuternoj-tehniki/}}
}

@misc{3,
	title={Информационная система компьютерного магазина},
	howpublished = {\url{https://cyberleninka.ru/article/n/informatsionnaya-sistema-kompyuternogo-magazina/viewer}}
}

@misc{4,
	title ={Для чего используется триггер? },
	howpublished = {\url{https://blog.skillfactory.ru/triggery-v-bazah-dannyh/}},
}

@misc{5,
	title ={Сравнение современных СУБД},
	howpublished = {\url{https://drach.pro/blog/hi-tech/item/145-db-comparison}},
}
@misc{6,
	title = {Постреляционная модель: понятие, достоинства и недостатки. },
	howpublished = {\url{https://studfile.net/preview/5407090/ page:4/}},
	year = {дата обращения: 30.05.2023}
}

@misc{7,
	title ={Документация по PostgreSQL},
	howpublished = {\url{https://postgrespro.ru/docs/postgresql/}},
	year = {дата обращения: 30.05.2023}
}

@misc{csharp,
	title ={Документация по C\#},
	howpublished = {\url{https://learn.microsoft.com/ru-ru/dotnet/csharp/}}
}

@misc{intel,
	title ={Intel(R) Core(TM) i5-10400F CPU @ 2.90GHz},
	howpublished = {\url{https://www.intel.com/content/www/us/en/products/sku/199278/intel-core-i510400f-processor-12m-cache-up-to-4-30-ghz/specifications.html}},
	year = {дата обращения: 30.05.2023}
}