
@inbook{applicationcg,
	author="Горюнова А.М., Омельченко Т.В.,Омельченко  П.Н., Муслимов  Д.А.",
	title="Применение компьютерной графики для решения экономических и инженерных задач : учебное пособие.",
	publisher="--- Оренбург:  ОГУ",
	language="russian",
	year=2018,
	pages="153"
}

@inbook{roders,
	author="Ткаченко С.Н.",
	title="Основы проектирования баз данных",
	publisher="КноРус",
	language="russian",
	year=2024,
	pages="176"
}

@misc{defineleague,
	title="Турнир по футболу: значение и особенности [Электронный ресурс].",
	howpublished="--- Режим доступа: \url{https://obzorposudy.ru/polezno/turnir-po-futbolu-znacenie-i-osobennosti} (дата обращения: 14.04.2024)."
}

@misc{raytracin,
	title="Турнир по футболу: значение и особенности [Электронный ресурс].",
	howpublished="--- Режим доступа: \url{https://obzorposudy.ru/polezno/turnir-po-futbolu-znacenie-i-osobennosti} (дата обращения: 14.04.2024)."
}

@misc{light-model,
	title="Триггеры в PostgreSQL [Электронный ресурс].",
	howpublished="--- Режим доступа: \url{https://sql-ex.ru/blogs/?/Triggery_v_PostgreSQL_chast_1.html} (дата обращения: 15.04.2024)."
}

@misc{ray-tracing,
	title="Метод прямой и обратной трассировки [Электронный ресурс].",
	howpublished="--- Режим доступа: \url{https://en.cppreference.com/w/c/language} (дата обращения: 14.10.2023)."
}

@misc{qt-creator,
	title="Visual Studio Community [Электронный ресурс].",
	howpublished="--- Режим доступа: \url{https://visualstudio.microsoft.com/vs/community/} (дата обращения: 27.03.2024)"
}

@misc{cpp-lang,
	title="Документация по языку C-Sharp [Электронный ресурс].",
	howpublished="--- Режим доступа: \url{https://learn.microsoft.com/en-us/dotnet/csharp/} (дата обращения: 27.03.2024)."
}

@misc{c-lang-time,
	title="Определение текущего времени с высокой точностью [Электронный ресурс].",
	howpublished="--- Режим доступа: \url{http://all-ht.ru/inf/prog/c/func/clock_gettime.html} (дата обращения: 30.10.2023)."
}

@misc{dbms,
	title="Сравнение современных СУБД [Электронный ресурс].",
	howpublished="--- Режим доступа: \url{https://drach.pro/blog/hi-tech/item/145-db-comparison} (дата обращения: 14.04.2024)"
}



